@book{nielsen-chuang,
  title     = {Quantum Computation and Quantum Information},
  author    = {Nielsen, Michale and Chuang, Isaac},
  isbn      = {9781107619197},
  year      = {2010},
  publisher = {Cambridge University Press}
}

@online{de-wolf,
  title  = {Quantum Computation and Shor's Factoring Algorithm},
  author = {De Wolf, Ronald},
  year   = {1999},
  url    = {https://homepages.cwi.nl/~rdewolf/publ/qc/survey.ps}
}

@online{qkd,
  author = {Korzh, Boris and others},
  title  = {Provably secure and practical quantum key distribution over 307 km of optical fiber},
  year   = {2015},
  url    = {https://ui.adsabs.harvard.edu/abs/2015NaPho...9..163K/abstract}
}

@online{airborne,
  author = {Pugh, Cristopher and others},
  title  = {Airborne demonstration of a quantum key distribution receiver payload},
  year   = {2017},
  url    = {https://ui.adsabs.harvard.edu/abs/2017QS%26T....2b4009P/abstract}
}

@online{shor,
  author = {Shor, Peter W.},
  title  = {Polynomial-time algorithms for prime factorization and discrete logarithms on a quantum computer},
  year   = {1997},
  url    = {http://mmrc.amss.cas.cn/tlb/201702/W020170224608150589788.pdf}
}